@article{banerjee2015, 
author = {Banerjee, Abhijit and Duflo, Esther and Glennerster, Rachel and Kinnan, Cynthia}, 
title = {The Miracle of Microfinance? Evidence from a Randomized Evaluation}, 
journal = {American Economic Journal: Applied Economics}, 
year = {2015}, 
volume = {7}, 
number = {1}, 
pages = {22--53}, 
}


